@article{zhou2008ensemble,
        title={An ensemble multiscale filter for large nonlinear data assimilation problems.},
        author={Zhou, Yuhua and McLaughlin, Dennis and Entekhabi, Dara and Ng, Gene-Hua Crystal},
        journal={Monthly Weather Review},
        volume={136},
        number={2},
        year={2008}
}

@article{li,
        title={Assimilation of GRACE terrestrial water storage into a land surface model: Evaluation and potential value for drought monitoring in western and central Europe},
        author={Li, Bailing and Rodell, Matthew and Zaitchik, Benjamin F and Reichle, Rolf H and Koster, Randal D and van Dam, Tonie M},
        journal={Journal of Hydrology},
        volume={446},
        pages={103--115},
        year={2012},
        publisher={Elsevier}
}

@article{crow,
        title={Comparison of adaptive filtering techniques for land surface data assimilation},
        author={Crow, WT and Reichle, RH},
        journal={Water resources research},
        volume={44},
        number={8},
        year={2008}
}
