@article{crow2008comparison,
        title={Comparison of adaptive filtering techniques for land surface data assimilation},
        author={Crow, WT and Reichle, RH},
        journal={Water resources research},
        volume={44},
        number={8},
        year={2008}
}
